@article{ICARUSTPC,
  title={To do: reference to article describing the TPC with complete information about wires}
} # ICARUSTPC

@article{ConnTest201808,
  title={ICARUS connectivity test},
  author={Mark Convery and Angela Fava and {Brenda G\'omez} and Gianluca Petrillo and Yun-Tse~Tsai and Somebody else},
  journal={SBN DocDB (to be assigned)},
  year={2018}
} # ConnTest201808

@article{ICARUSDBB,
  title={ICARUS Decoupling and Biasing Board (DBB 2018) schematics},
  journal={SBN DocDB 10693},
  key={DBB},
  url={https://sbn-docdbcert.fnal.gov/cgi-bin/cert/ShowDocument?docid=10693}
} # ICARUSDBB

@article{FEreadoutBoard,
  title={CAEN A2795 Preliminary User Manual},
  journal={SBN DocDB 12081},
  key={FEreadoutBoard},
  url={https://sbn-docdbcert.fnal.gov/cgi-bin/cert/ShowDocument?docid=12081}
} # FEreadoutBoard

@article{ICARUSeLog,
  title={Short Baseline Neutrino Far Detector Electronic Logbook},
  key={SBNFDeLog},
  url={http://dbweb6.fnal.gov:8080/ECL/sbnfd/E/index}
} # ICARUSeLog

@article{SBNdocDB11703,
  title={ICARUS connectivity test: list of identified issues},
  author={M.~Convery and G.~Petrillo and Y.-T.~Tsai},
  month={March},
  year={2019},
  journal={SBN DocDB 11703},
  url={https://sbn-docdbcert.fnal.gov/cgi-bin/cert/ShowDocument?docid=11703}
} # SBNdocDB11703


